@book { mcduff-salamon,
    author    = {Dusa McDuff and Dietmar Salamon},
    year      = {1994},
    title     = {$J$-holomorphic Curves and Quantum Cohomology},
    series    = {University Lecture Series},
    number    = {6},
    publisher = {AMS}
}

@article { grothendieck,
    author  = {A. Grothendieck},
    year    = {1957},
    title   = {Sur la classification des fibres holomorphes sur la sphere de Riemann},
    journal = {American Journal of Mathematics},
    volume  = {76},
    pages   = {121--138}
}

@article { gromov,
    author  = {M. Gromov},
    year    = {1985},
    title   = {Pseudo holomorphic curves in symplectic manifolds},
    journal = {Inventiones mathematicae},
    volume  = {82},
    pages   = {307--347}
}

@article { kontsevich-manin,
    author  = {M. Kontsevich and Yu.\ Manin},
    year    = {1994},
    title   = {Gromov--Witten classes, quantum cohomology, and enumerative geometry},
    journal = {Communications in Mathematical Physics},
    volume  = {164},
    pages   = {525--562}
}

@book { mcduff-salamon-04,
    author    = {Dusa McDuff and Dietmar Salamon},
    year      = {2004},
    title     = {$J$-holomorphic Curves and Symplectic Topology},
    series    = {Colloquium Publications},
    number    = {52},
    publisher = {AMS}
}

@article { mcduff,
    author  = {Dusa McDuff},
    year    = {1990},
    title   = {Elliptic methods in symplectic geometry},
    journal = {Bulletin of the AMS},
    volume  = {23},
    pages   = {311--358}
}
