@book { bgv,
    author    = {N. Berline and E. Getzler and M. Vergne},
    year      = {1992},
    title     = {Heat Kernels and Dirac Operators},
    series    = {Grundlehren der mathematischen Wissenschaften},
    number    = {298},
    publisher = {Springer}
}

@book { bott-tu,
    author    = {R. Bott and L. W. Tu},
    year      = {1982},
    title     = {Differential Forms in Algebraic Topology},
    series    = {Graduate Texts in Mathematics},
    number    = {82},
    publisher = {Springer}
}

@online { cohen,
    author = {R. L. Cohen},
    year   = {2006},
    title  = {The Topology of Fiber Bundles},
    url    = {http://math.stanford.edu/~ralph/fiber.pdf}
}

@online { vbkt,
    author = {A. Hatcher},
    year   = {2017},
    title  = {Vector Bundles and $K$-Theory},
    url    = {http://pi.math.cornell.edu/~hatcher/VBKT/VB.pdf}
}

@book { do-carmo,
    author     = {do Carmo, M. P.},
    year       = {1992},
    title      = {Riemannian Geometry},
    translator = {F. Flaherty},
    publisher  = {Birkh√§user}
}

@book { karoubi,
    author    = {M. Karoubi},
    year      = {1978},
    title     = {K-Theory},
    series    = {Grundlehren der mathematischen Wissenschaften},
    number    = {226},
    publisher = {Springer}
}

@online { spheres,
    author     = {P. Konstantis and M. Parton},
    year       = {2017},
    title      = {Almost Complex Structures on Spheres},
    eprint     = {1707.03883},
    eprinttype = {arxiv},
}

@book { may,
    author    = {J. P. May},
    year      = {1999},
    title     = {A Concise Course in Algebraic Topology},
    series    = {Chicago Lectures in Mathematics},
    publisher = {University of Chicago Press}
}

@article { milnor,
    author  = {J. Milnor},
    year    = {1956},
    title   = {Construction of Universal Bundles, II},
    journal = {Annals of Mathematics},
    volume  = {63},
    number  = {3},
    pages   = {430--436}
}

@book { milnor-stasheff,
    author    = {J. W. Milnor and J. D. Stasheff},
    year      = {1974},
    title     = {Characteristic Classes},
    series    = {Annals of Mathematics Studies},
    number    = {76},
    publisher = {Princeton University Press}
}

@book { munkres,
    author    = {J. R. Munkres},
    year      = {2000},
    title     = {Topology},
    edition   = {2},
    publisher = {Prentice-Hall}
}

@book { switzer,
    author    = {R. M. Switzer},
    year      = {1975},
    title     = {Algebraic Topology -- Homotopy and Homology},
    series    = {Grundlehren der mathematischen Wissenschaften},
    number    = {212},
    publisher = {Springer}
}

@book { griffiths-harris,
    author    = {P. Griffiths and J. Harris},
    year      = {1978},
    title     = {Principles of Algebraic Geometry},
    publisher = {Wiley}
}

@article { mathai-quillen,
    author  = {V. Mathai and D. Quillen},
    year    = {1986},
    title   = {Superconnections, Thom classes and equivariant differential forms},
    journal = {Topology},
    volume  = {25},
    pages   = {85--110}
}

@article { quillen-superconnection,
    author  = {D. Quillen},
    year    = {1985},
    title   = {Superconnections and the Chern character},
    journal = {Topology},
    volume  = {24},
    pages   = {89--95}
}

@book { lawson-michelsohn,
    author    = {H. B. Lawson and M.-L. Michelsohn},
    year      = {1989},
    title     = {Spin Geometry},
    publisher = {Princeton University Press}
}

@online { libine,
    author     = {M. Libine},
    year       = {2007},
    title      = {Lecture Notes on Equivariant Cohomology},
    eprint     = {0709.3615},
    eprinttype = {arxiv},
}

@article { atiyah-bott,
    author  = {M. F. Atiyah and R. Bott},
    year    = {1984},
    title   = {The moment map and equivariant cohomology},
    journal = {Topology},
    volume  = {23},
    pages   = {1--28}
}

@online { rahman,
    author = {A. Rahman},
    year   = {2017},
    title  = {Chern--Weil theory},
    url    = {http://math.uchicago.edu/~may/REU2017/REUPapers/Rahman.pdf}
}
